%##Introducction:
%#First Paragraph:
@article{Planck1901-rt,
  title     = "Ueber das Gesetz der Energieverteilung im Normalspectrum",
  author    = "Planck, Max",
  journal   = "Ann. Phys.",
  publisher = "Wiley",
  volume    =  309,
  number    =  3,
  pages     = "553--563",
  month     =  jan,
  year      =  1901,
  doi       = "10.1002/andp.19013090310",
  url       = "https://onlinelibrary.wiley.com/doi/10.1002/andp.19013090310",
  copyright = "http://onlinelibrary.wiley.com/termsAndConditions#vor",
  language  = "en"
}


@book{griffiths2018quantum,
  title={Introduction to Quantum Mechanics},
  author={Griffiths, David J.},
  edition={3rd},
  year={2018},
  publisher={Cambridge University Press},
  url={https://www.cambridge.org/core/books/introduction-to-quantum-mechanics/7B0B5B6E69D5155A68A4A962C54554F6},
}
%------------



@article{Bell-On-The,
  title     = "On the Einstein Podolsky Rosen paradox",
  author    = "Bell, J. S.",
  journal   = "Physics",
  publisher = "American Physical Society (APS)",
  volume    =  1,
  number    =  3,
  pages     = "195--200",
  month     =  nov,
  year      =  1964,
  doi       = "10.1103/PhysicsPhysiqueFizika.1.195",
  url       = "https://journals.aps.org/ppf/abstract/10.1103/PhysicsPhysiqueFizika.1.195",
  copyright = "https://link.aps.org/licenses/aps-default-license"
}

@article{Aspect-Experimental-Test,
  title     = "Experimental test of Bell's inequalities using time-varying analyzers",
  author    = "Aspect, Alain and Dalibard, Jean and Roger, Gérard",
  journal   = "Phys. Rev. Lett.",
  publisher = "American Physical Society (APS)",
  volume    =  49,
  number    =  25,
  pages     = "1804--1807",
  month     =  dec,
  year      =  1982,
  doi       = "10.1103/PhysRevLett.49.1804",
  url       = "https://journals.aps.org/prl/abstract/10.1103/PhysRevLett.49.1804",
  copyright = "http://link.aps.org/licenses/aps-default-license"
}


@article{Mermin-Hidden-Variable,
  title     = "Hidden variables and the two theorems of John Bell",
  author    = "Mermin, N. David",
  journal   = "Rev. Mod. Phys.",
  publisher = "American Physical Society (APS)",
  volume    =  65,
  number    =  3,
  pages     = "803--815",
  month     =  jul,
  year      =  1993,
  doi       = "10.1103/RevModPhys.65.803",
  url       = "https://journals.aps.org/rmp/abstract/10.1103/RevModPhys.65.803",
  copyright = "http://link.aps.org/licenses/aps-default-license"
}

%----------------

@article{heisenberg1927uncertainty,
  title={Über den anschaulichen Inhalt der quantentheoretischen Kinematik und Mechanik},
  author={Heisenberg, Werner},
  journal={Zeitschrift für Physik},
  volume={43},
  number={3-4},
  pages={172--198},
  year={1927},
  doi={10.1007/BF01397280},
  url={https://link.springer.com/article/10.1007/BF01397280},
}

%-------
@book{cohen1977quantum,
  title={Quantum Mechanics},
  author={Cohen-Tannoudji, Claude and Diu, Bernard and Lalo{\"e}, Franck},
  volume={1},
  year={1977},
  publisher={Wiley},
  url={https://www.wiley.com/en-us/Quantum+Mechanics,+2+Volume+Set-p-9780471164333},
}
@article{bohr1928quantum,
  title={The Quantum Postulate and the Recent Development of Atomic Theory},
  author={Bohr, Niels},
  journal={Nature},
  volume={121},
  number={3050},
  pages={580--590},
  year={1928},
  doi={10.1038/121580a0},
  url={https://www.nature.com/articles/121580a0},
}

%-----------

@article{Wave-Particle,
  title = {An Undulatory Theory of the Mechanics of Atoms and Molecules},
  author = {Schr\"odinger, E.},
  journal = {Phys. Rev.},
  volume = {28},
  issue = {6},
  pages = {1049--1070},
  numpages = {0},
  year = {1926},
  month = {Dec},
  publisher = {American Physical Society},
  doi = {10.1103/PhysRev.28.1049},
  url = {https://link.aps.org/doi/10.1103/PhysRev.28.1049}
}
@book{dirac1981principles-Superposition,
  title     = "The Principles of Quantum Mechanics",
  author    = "Dirac, P. A. M.",
  edition   = "4th",
  year      = "1981",
  publisher = "Oxford University Press",
  isbn      = "9780198520115",
  url       = "https://global.oup.com/academic/product/the-principles-of-quantum-mechanics-9780198520115?cc=us&lang=en"
}



@article{Bennett1993-quantum-teleportation,
  title     = "Teleporting an Unknown Quantum State via Dual Classical and Einstein-Podolsky-Rosen Channels",
  author    = "Bennett, Charles H. and Brassard, Gilles and Crepeau, Claude and Jozsa, Richard and Peres, Asher and Wootters, William K.",
  journal   = "Phys. Rev. Lett.",
  volume    =  70,
  number    =  13,
  pages     = "1895--1899",
  year      =  1993,
  doi       = "10.1103/PhysRevLett.70.1895",
  url       = "https://journals.aps.org/prl/abstract/10.1103/PhysRevLett.70.1895"
}



@book{Bell-Aspect-2004-Quantum-Entanglement, 
    place={Cambridge}, 
    edition={2}, 
    title={Speakable and Unspeakable in Quantum Mechanics: Collected Papers on Quantum Philosophy}, 
    publisher={Cambridge University Press}, 
    author={Bell, J. S. and Aspect, Alain}, 
    year={2004}
}

@article{bose1924plancks-BOSE1,
  title     = "Plancks Gesetz und Lichtquantenhypothese",
  author    = "Bose, Satyendra Nath",
  journal   = "Zeitschrift für Physik",
  volume    =  26,
  number    =  1,
  pages     = "178--181",
  year      =  1924,
  doi       = "10.1007/BF01327325",
  url       = "https://link.springer.com/article/10.1007/BF01327325"
}
@article{einstein1925quantentheorie-BOSE2,
  title     = "Quantentheorie des einatomigen idealen Gases",
  author    = "Einstein, Albert",
  journal   = "Sitzungsberichte der Preußischen Akademie der Wissenschaften zu Berlin",
  volume    =  3,
  pages     = "1--14",
  year      =  1925,
  url       = "https://archive.org/details/sitzungsberichte-preussische-akademie-der-wissenschaften-1925"
}





%_---------




@book{Quantum-Liquids,
    author = {Leggett, Anthony James},
    title = "{Quantum Liquids: Bose condensation and Cooper pairing in condensed-matter systems}",
    publisher = {Oxford University Press},
    year = {2006},
    month = {09},
    abstract = "{Starting from first principles, this book introduces the closely related phenomena of Bose condensation and Cooper pairing, in which a very large number of single particles or pairs of particles are forced to behave in exactly the same way. Their consequences in condensed matter systems are also explored. Eschewing advanced formal methods, the book uses simple concepts and arguments to account for the various qualitatively new phenomena which occur in Bose-condensed and Cooper-paired systems, including but not limited to the spectacular macroscopic phenomena of superconductivity and superfluidity. The physical systems discussed include liquid 4-He, the BEC alkali gases, “classical” superconductors, superfluid 3-He, “exotic” superconductors, and the recently stabilized Fermi alkali gases.}",
    isbn = {9780198526438},
    doi = {10.1093/acprof:oso/9780198526438.001.0001},
    url = {https://doi.org/10.1093/acprof:oso/9780198526438.001.0001},
    eprint = {https://academic.oup.com/book/32814},
}
%#Second Paragraph:



